% Encoding: UTF-8

@Book{10.5555/248702,
  title     = {Signals \& Systems (2nd Ed.)},
  publisher = {Prentice-Hall, Inc.},
  year      = {1996},
  author    = {Oppenheim, Alan V. and Willsky, Alan S. and Nawab, S. Hamid},
  address   = {USA},
  isbn      = {0138147574},
}

@Book{10.5555/3158302,
  title     = {Op Amps for Everyone, Fifth Edition},
  publisher = {Newnes},
  year      = {2017},
  author    = {Carter, Bruce and Mancini, Ron},
  address   = {USA},
  edition   = {5th},
  isbn      = {012811648X},
}

@Manual{ti:ua741,
  title        = {ÂµA741 General-Purpose Operational Amplifiers},
  organization = {Texas Instruments},
  month        = jan,
  year         = {2018},
  note         = {Rev. F},
  url          = {http://www.ti.com/lit/ds/slos094g/slos094g.pdf?ts=1591281894085},
}
  @misc{ enwiki:satz_von_steiner,
    author = "{Wikipedia contributors}",
    title = "Parallel axis theorem --- {Wikipedia}{,} The Free Encyclopedia",
    year = "2021",
    howpublished = "\url{https://en.wikipedia.org/w/index.php?title=Parallel_axis_theorem&oldid=1005130876}",
    note = "[Online; accessed 13-February-2021]"
  }
  
@Comment{jabref-meta: databaseType:bibtex;}
